<?xml version="1.0" encoding="UTF-8"?>
  <record xmlns="http://www.loc.gov/MARC21/slim" type="Authority">
    <leader>00000nz  a2200000oc 4500</leader>
    <controlfield tag="001">041453956</controlfield>
    <controlfield tag="003">DE-101</controlfield>
    <controlfield tag="005">20190906170437.0</controlfield>
    <controlfield tag="008">880701n||azznnbabn           | ana    |c</controlfield>
    <datafield tag="024" ind1="7" ind2=" ">
      <subfield code="a">4145395-5</subfield>
      <subfield code="0">http://d-nb.info/gnd/4145395-5</subfield>
      <subfield code="2">gnd</subfield>
    </datafield>
    <datafield tag="035" ind1=" " ind2=" ">
      <subfield code="a">(DE-101)041453956</subfield>
    </datafield>
    <datafield tag="035" ind1=" " ind2=" ">
      <subfield code="a">(DE-588)4145395-5</subfield>
    </datafield>
    <datafield tag="035" ind1=" " ind2=" ">
      <subfield code="z">(DE-588c)4145395-5</subfield>
      <subfield code="9">v:zg</subfield>
    </datafield>
    <datafield tag="040" ind1=" " ind2=" ">
      <subfield code="a">DE-101</subfield>
      <subfield code="c">DE-101</subfield>
      <subfield code="9">r:DE-101</subfield>
      <subfield code="b">ger</subfield>
      <subfield code="d">9999</subfield>
    </datafield>
    <datafield tag="042" ind1=" " ind2=" ">
      <subfield code="a">gndz</subfield>
    </datafield>
    <datafield tag="065" ind1=" " ind2=" ">
      <subfield code="a">1</subfield>
      <subfield code="2">sswd</subfield>
    </datafield>
    <datafield tag="075" ind1=" " ind2=" ">
      <subfield code="b">s</subfield>
      <subfield code="2">gndgen</subfield>
    </datafield>
    <datafield tag="075" ind1=" " ind2=" ">
      <subfield code="b">saz</subfield>
      <subfield code="b">saf</subfield>
      <subfield code="2">gndspec</subfield>
    </datafield>
    <datafield tag="079" ind1=" " ind2=" ">
      <subfield code="a">g</subfield>
      <subfield code="q">s</subfield>
      <subfield code="q">g</subfield>
      <subfield code="u">w</subfield>
      <subfield code="u">z</subfield>
      <subfield code="u">o</subfield>
    </datafield>
    <datafield tag="083" ind1="0" ind2="4">
      <subfield code="z">1</subfield>
      <subfield code="a">0222</subfield>
      <subfield code="9">d:3</subfield>
      <subfield code="9">t:2014-10-07</subfield>
      <subfield code="2">22/ger</subfield>
    </datafield>
    <datafield tag="150" ind1=" " ind2=" ">
      <subfield code="a">Bildband</subfield>
    </datafield>
    <datafield tag="450" ind1=" " ind2=" ">
      <subfield code="a">Abbildungen</subfield>
      <subfield code="g">Formschlagwort</subfield>
    </datafield>
    <datafield tag="450" ind1=" " ind2=" ">
      <subfield code="a">Ansichtspostkarte</subfield>
      <subfield code="g">Formschlagwort</subfield>
    </datafield>
    <datafield tag="450" ind1=" " ind2=" ">
      <subfield code="a">Bildatlas</subfield>
    </datafield>
    <datafield tag="450" ind1=" " ind2=" ">
      <subfield code="a">Bilddokumente</subfield>
    </datafield>
    <datafield tag="450" ind1=" " ind2=" ">
      <subfield code="a">Bilder</subfield>
      <subfield code="g">Formschlagwort</subfield>
    </datafield>
    <datafield tag="450" ind1=" " ind2=" ">
      <subfield code="a">Bildmaterial</subfield>
      <subfield code="g">Formschlagwort</subfield>
    </datafield>
    <datafield tag="450" ind1=" " ind2=" ">
      <subfield code="a">Ansichten</subfield>
      <subfield code="g">Formschlagwort</subfield>
    </datafield>
    <datafield tag="450" ind1=" " ind2=" ">
      <subfield code="a">Bildsammlung</subfield>
    </datafield>
    <datafield tag="450" ind1=" " ind2=" ">
      <subfield code="a">Abbildungswerk</subfield>
    </datafield>
    <datafield tag="450" ind1=" " ind2=" ">
      <subfield code="a">Illustrationswerk</subfield>
    </datafield>
    <datafield tag="450" ind1=" " ind2=" ">
      <subfield code="a">Photographien-Bildband</subfield>
    </datafield>
    <datafield tag="450" ind1=" " ind2=" ">
      <subfield code="a">Fotographien-Bildband</subfield>
    </datafield>
    <datafield tag="450" ind1=" " ind2=" ">
      <subfield code="a">Bildbände</subfield>
    </datafield>
    <datafield tag="550" ind1=" " ind2=" ">
      <subfield code="0">(DE-101)040085708</subfield>
      <subfield code="0">(DE-588)4008570-3</subfield>
      <subfield code="0">https://d-nb.info/gnd/4008570-3</subfield>
      <subfield code="a">Buch</subfield>
      <subfield code="4">obge</subfield>
      <subfield code="4">https://d-nb.info/standards/elementset/gnd#broaderTermGeneric</subfield>
      <subfield code="w">r</subfield>
      <subfield code="i">Oberbegriff generisch</subfield>
    </datafield>
    <datafield tag="550" ind1=" " ind2=" ">
      <subfield code="0">(DE-101)041454197</subfield>
      <subfield code="0">(DE-588)4145419-4</subfield>
      <subfield code="0">https://d-nb.info/gnd/4145419-4</subfield>
      <subfield code="a">Bildliche Darstellung</subfield>
      <subfield code="4">vbal</subfield>
      <subfield code="4">https://d-nb.info/standards/elementset/gnd#relatedTerm</subfield>
      <subfield code="w">r</subfield>
      <subfield code="i">Verwandter Begriff</subfield>
    </datafield>
    <datafield tag="667" ind1=" " ind2=" ">
      <subfield code="a">Bearbeitungssperre (Top500) - Änderungswünsche an DNB</subfield>
    </datafield>
    <datafield tag="667" ind1=" " ind2=" ">
      <subfield code="a">RDA: Als Formangabe für die Art des Inhalts nach RDA 7.2.1.3, D-A-CH zugelassen</subfield>
    </datafield>
    <datafield tag="670" ind1=" " ind2=" ">
      <subfield code="a">Du.</subfield>
    </datafield>
    <datafield tag="677" ind1=" " ind2=" ">
      <subfield code="a">Ressource, die zu einem wesentlichen Teil (mindestens 40%) aus Abbildungen besteht und bei der die Abbildungen nicht nur zur Illustration des Textes dienen (RDA AH-007).</subfield>
    </datafield>
    <datafield tag="680" ind1=" " ind2=" ">
      <subfield code="a">Die Formangabe entfällt, wenn die Abbildungen, z.B. bei kunstgeschichtlichen Werken, nur eine Beigabe zum Text sind, das Schwergewicht also auf dem Text liegt. Im Zweifelsfall wird auf die Formangabe "Bildband" verzichtet. "Bildbiografie" ist nach Möglichkeit durch die beiden Formangaben "Biografie" und "Bildband" darzustellen.</subfield>
    </datafield>
    <datafield tag="913" ind1=" " ind2=" ">
      <subfield code="S">swd</subfield>
      <subfield code="i">s</subfield>
      <subfield code="a">Bildband</subfield>
      <subfield code="0">(DE-588c)4145395-5</subfield>
    </datafield>
  </record>
